@misc{SW2025,
      title={Geometry Aware Operator Transformer as an Efficient and Accurate Neural Surrogate for {PDEs} on Arbitrary Domains}, 
      author={Shizheng Wen and Arsh Kumbhat and Levi Lingsch and Sepehr Mousavi and Yizhou Zhao and Praveen Chandrashekar and Siddhartha Mishra},
      year={2025},
      eprint={2505.18781},
      archivePrefix={arXiv},
      primaryClass={cs.LG},
      url={https://arxiv.org/abs/2505.18781}, 
}

@misc{AD2021,
      title={An Image is Worth 16x16 Words: Transformers for Image Recognition at Scale}, 
      author={Alexey Dosovitskiy and Lucas Beyer and Alexander Kolesnikov and Dirk Weissenborn and Xiaohua Zhai and Thomas Unterthiner and Mostafa Dehghani and Matthias Minderer and Georg Heigold and Sylvain Gelly and Jakob Uszkoreit and Neil Houlsby},
      year={2021},
      eprint={2010.11929},
      archivePrefix={arXiv},
      primaryClass={cs.CV},
      url={https://arxiv.org/abs/2010.11929}, 
}

@misc{ME2025,
      title={{DrivAerNet++}: A Large-Scale Multimodal Car Dataset with Computational Fluid Dynamics Simulations and Deep Learning Benchmarks}, 
      author={Mohamed Elrefaie and Florin Morar and Angela Dai and Faez Ahmed},
      year={2025},
      eprint={2406.09624},
      archivePrefix={arXiv},
      primaryClass={cs.LG},
      url={https://arxiv.org/abs/2406.09624}, 
}

@misc{QC2025,
      title={TripNet: Learning Large-scale High-fidelity 3D Car Aerodynamics with Triplane Networks}, 
      author={Qian Chen and Mohamed Elrefaie and Angela Dai and Faez Ahmed},
      year={2025},
      eprint={2503.17400},
      archivePrefix={arXiv},
      primaryClass={physics.flu-dyn},
      url={https://arxiv.org/abs/2503.17400}, 
}

@inproceedings{ZL2023,
      author = {Li, Zongyi and Kovachki, Nikola Borislavov and Choy, Chris and Li, Boyi and Kossaifi, Jean and Otta, Shourya Prakash and Nabian, Mohammad Amin and Stadler, Maximilian and Hundt, Christian and Azizzadenesheli, Kamyar and Anandkumar, Anima},
      title = {Geometry-informed neural operator for large-scale 3D PDEs},
      year = {2023},
      publisher = {Curran Associates Inc.},
      address = {Red Hook, NY, USA},
      booktitle = {Proceedings of the 37th International Conference on Neural Information Processing Systems},
      articleno = {1556},
      numpages = {19},
      location = {New Orleans, LA, USA},
      series = {NIPS '23}
}

@INPROCEEDINGS{RC2017,
      author={Charles, R. Qi and Su, Hao and Kaichun, Mo and Guibas, Leonidas J.},
      booktitle={2017 IEEE Conference on Computer Vision and Pattern Recognition (CVPR)}, 
      title={PointNet: Deep Learning on Point Sets for 3D Classification and Segmentation}, 
      year={2017},
      volume={},
      number={},
      pages={77-85},
      keywords={Three-dimensional displays;Shape;Computer architecture;Feature extraction;Machine learning;Semantics},
      doi={10.1109/CVPR.2017.16}
}

@inproceedings{AV2017,
 author = {Vaswani, Ashish and Shazeer, Noam and Parmar, Niki and Uszkoreit, Jakob and Jones, Llion and Gomez, Aidan N and Kaiser, \L ukasz and Polosukhin, Illia},
 booktitle = {Advances in Neural Information Processing Systems},
 editor = {I. Guyon and U. Von Luxburg and S. Bengio and H. Wallach and R. Fergus and S. Vishwanathan and R. Garnett},
 pages = {},
 publisher = {Curran Associates, Inc.},
 title = {Attention is All you Need},
 url = {https://proceedings.neurips.cc/paper_files/paper/2017/file/3f5ee243547dee91fbd053c1c4a845aa-Paper.pdf},
 volume = {30},
 year = {2017}
}

@misc{SM2025,
      title={RIGNO: A Graph-based framework for robust and accurate operator learning for PDEs on arbitrary domains}, 
      author={Sepehr Mousavi and Shizheng Wen and Levi Lingsch and Maximilian Herde and Bogdan Raonić and Siddhartha Mishra},
      year={2025},
      eprint={2501.19205},
      archivePrefix={arXiv},
      primaryClass={cs.LG},
      url={https://arxiv.org/abs/2501.19205}, 
}

@misc{MH2024,
      title={Poseidon: Efficient Foundation Models for PDEs}, 
      author={Maximilian Herde and Bogdan Raonić and Tobias Rohner and Roger Käppeli and Roberto Molinaro and Emmanuel de Bézenac and Siddhartha Mishra},
      year={2024},
      eprint={2405.19101},
      archivePrefix={arXiv},
      primaryClass={cs.LG},
      url={https://arxiv.org/abs/2405.19101}, 
}

@misc{QC2017,
      title={PointNet: Deep Learning on Point Sets for 3D Classification and Segmentation}, 
      author={Charles R. Qi and Hao Su and Kaichun Mo and Leonidas J. Guibas},
      year={2017},
      eprint={1612.00593},
      archivePrefix={arXiv},
      primaryClass={cs.CV},
      url={https://arxiv.org/abs/1612.00593}, 
}