@misc{SL2024,
      title={Nonlocality and Nonlinearity Implies Universality in Operator Learning}, 
      author={Samuel Lanthaler and Zongyi Li and Andrew M. Stuart},
      year={2024},
      eprint={2304.13221},
      archivePrefix={arXiv},
      primaryClass={math.NA},
      url={https://arxiv.org/abs/2304.13221}, 
}

@inproceedings{AAK2020,
  title     = {Neural Operator: Graph Kernel Network for Partial Differential Equations},
  author    = {Anandkumar, A. and Azizzadenesheli, K. and others},
  booktitle = {ICLR 2020 Workshop on Integration of Deep Neural Models and Differential Equations},
  year      = {2020}
}

@article{NK2023,
  title   = {Neural operator: learning maps between function spaces with applications to PDEs},
  author  = {Kovachki, Nikola and Li, Zongyi and Liu, Burigede and Azizzadenesheli, Kamyar and Bhattacharya, Kaushik and Stuart, Andrew and Anandkumar, Anima},
  journal = {Journal of Machine Learning Research},
  volume  = {24},
  number  = {89},
  pages   = {1-97},
  year    = {2023}
}

@inproceedings{ZL2021,
  title     = {Fourier neural operator for parametric partial differential equations},
  author    = {Li, Zongyi and Kovachki, Nikola B. and Azizzadenesheli, Kamyar and Liu, Burigede and Bhattacharya, Kaushik and Stuart, Andrew and Anandkumar, Anima},
  booktitle = {International Conference on Learning Representations},
  year      = {2021}
}

@article{GC2023,
  title   = {Learning neural operators on Riemannian manifolds},
  author  = {Chen, Guannan and Liu, Xuan and Meng, Qi and Chen, Long and Liu, Chunmei and Li, Yulan},
  year    = {2023},
  note    = {Preprint}
}

@article{SL2022,
  title     = {Nonlinear reconstruction for operator learning of PDEs with discontinuities},
  author    = {Lanthaler, Samuel and Molinaro, Roberto and Hadorn, Philipp and Mishra, Siddhartha},
  journal   = {arXiv preprint arXiv:2210.01074},
  year      = {2022},
  url       = {https://arxiv.org/abs/2210.01074},
  note      = {Preprint}
}

@article{NK2021,
  title   = {On universal approximation and error bounds for Fourier neural operators},
  author  = {Kovachki, Nikola and Lanthaler, Samuel and Mishra, Siddhartha},
  journal = {Journal of Machine Learning Research},
  volume  = {22},
  number  = {290},
  pages   = {1-76},
  year    = {2021}
}