@misc{MH2024,
      title={Poseidon: Efficient Foundation Models for PDEs}, 
      author={Maximilian Herde and Bogdan Raonić and Tobias Rohner and Roger Käppeli and Roberto Molinaro and Emmanuel de Bézenac and Siddhartha Mishra},
      year={2024},
      eprint={2405.19101},
      archivePrefix={arXiv},
      primaryClass={cs.LG},
      url={https://arxiv.org/abs/2405.19101}, 
}

@article{YZ2018,
   title={Bayesian deep convolutional encoder–decoder networks for surrogate modeling and uncertainty quantification},
   volume={366},
   ISSN={0021-9991},
   url={http://dx.doi.org/10.1016/j.jcp.2018.04.018},
   DOI={10.1016/j.jcp.2018.04.018},
   journal={Journal of Computational Physics},
   publisher={Elsevier BV},
   author={Zhu, Yinhao and Zabaras, Nicholas},
   year={2018},
   month=aug, pages={415–447}
}


@misc{TP2021,
      title={Learning Mesh-Based Simulation with Graph Networks}, 
      author={Tobias Pfaff and Meire Fortunato and Alvaro Sanchez-Gonzalez and Peter W. Battaglia},
      year={2021},
      eprint={2010.03409},
      archivePrefix={arXiv},
      primaryClass={cs.LG},
      url={https://arxiv.org/abs/2010.03409}, 
}

@misc{ASG2020,
      title={Learning to Simulate Complex Physics with Graph Networks}, 
      author={Alvaro Sanchez-Gonzalez and Jonathan Godwin and Tobias Pfaff and Rex Ying and Jure Leskovec and Peter W. Battaglia},
      year={2020},
      eprint={2002.09405},
      archivePrefix={arXiv},
      primaryClass={cs.LG},
      url={https://arxiv.org/abs/2002.09405}, 
}

@misc{MP2022,
      title={Variable-Input Deep Operator Networks}, 
      author={Michael Prasthofer and Tim De Ryck and Siddhartha Mishra},
      year={2022},
      eprint={2205.11404},
      archivePrefix={arXiv},
      primaryClass={cs.LG},
      url={https://arxiv.org/abs/2205.11404}, 
}

@misc{ZH2023,
      title={{GNOT}: A General Neural Operator Transformer for Operator Learning}, 
      author={Zhongkai Hao and Zhengyi Wang and Hang Su and Chengyang Ying and Yinpeng Dong and Songming Liu and Ze Cheng and Jian Song and Jun Zhu},
      year={2023},
      eprint={2302.14376},
      archivePrefix={arXiv},
      primaryClass={cs.LG},
      url={https://arxiv.org/abs/2302.14376}, 
}

@article{LL2021,
   title={Learning nonlinear operators via DeepONet based on the universal approximation theorem of operators},
   volume={3},
   ISSN={2522-5839},
   url={http://dx.doi.org/10.1038/s42256-021-00302-5},
   DOI={10.1038/s42256-021-00302-5},
   number={3},
   journal={Nature Machine Intelligence},
   publisher={Springer Science and Business Media LLC},
   author={Lu, Lu and Jin, Pengzhan and Pang, Guofei and Zhang, Zhongqiang and Karniadakis, George Em},
   year={2021},
   month=mar, pages={218–229} 
}

@misc{ZL2021,
      title={Fourier Neural Operator for Parametric Partial Differential Equations}, 
      author={Zongyi Li and Nikola Kovachki and Kamyar Azizzadenesheli and Burigede Liu and Kaushik Bhattacharya and Andrew Stuart and Anima Anandkumar},
      year={2021},
      eprint={2010.08895},
      archivePrefix={arXiv},
      primaryClass={cs.LG},
      url={https://arxiv.org/abs/2010.08895}, 
}

@misc{BR2023,
      title={Convolutional Neural Operators for robust and accurate learning of PDEs}, 
      author={Bogdan Raonić and Roberto Molinaro and Tim De Ryck and Tobias Rohner and Francesca Bartolucci and Rima Alaifari and Siddhartha Mishra and Emmanuel de Bézenac},
      year={2023},
      eprint={2302.01178},
      archivePrefix={arXiv},
      primaryClass={cs.LG},
      url={https://arxiv.org/abs/2302.01178}, 
}

@misc{HT2023,
      title={LLaMA: Open and Efficient Foundation Language Models}, 
      author={Hugo Touvron and Thibaut Lavril and Gautier Izacard and Xavier Martinet and Marie-Anne Lachaux and Timothée Lacroix and Baptiste Rozière and Naman Goyal and Eric Hambro and Faisal Azhar and Aurelien Rodriguez and Armand Joulin and Edouard Grave and Guillaume Lample},
      year={2023},
      eprint={2302.13971},
      archivePrefix={arXiv},
      primaryClass={cs.CL},
      url={https://arxiv.org/abs/2302.13971}, 
}

@misc{ZLiu2021,
      title={Swin Transformer: Hierarchical Vision Transformer using Shifted Windows}, 
      author={Ze Liu and Yutong Lin and Yue Cao and Han Hu and Yixuan Wei and Zheng Zhang and Stephen Lin and Baining Guo},
      year={2021},
      eprint={2103.14030},
      archivePrefix={arXiv},
      primaryClass={cs.CV},
      url={https://arxiv.org/abs/2103.14030}, 
}