@misc{SL2024,
      title={Nonlocality and Nonlinearity Implies Universality in Operator Learning}, 
      author={Samuel Lanthaler and Zongyi Li and Andrew M. Stuart},
      year={2024},
      eprint={2304.13221},
      archivePrefix={arXiv},
      primaryClass={math.NA},
      url={https://arxiv.org/abs/2304.13221}, 
}