@ARTICLE{MU2000,
  author={Unser, M.},
  journal={Proceedings of the IEEE}, 
  title={Sampling-50 years after Shannon}, 
  year={2000},
  volume={88},
  number={4},
  pages={569-587},
  keywords={Sampling methods;Signal sampling;Frequency;Image reconstruction;Approximation error;Finite element methods;Hilbert space;Interpolation;Least squares approximation;Information theory},
  doi={10.1109/5.843002}}

@article{Whittaker_1915, title={XVIII.—On the Functions which are represented by the Expansions of the Interpolation-Theory}, volume={35}, DOI={10.1017/S0370164600017806}, journal={Proceedings of the Royal Society of Edinburgh}, author={Whittaker, E. T.}, year={1915}, pages={181–194}}

@article{PLB1983,
  author    = {P. L. Butzer},
  title     = {A survey of the Whittaker–Shannon sampling theorem and some of its extensions},
  journal   = {Journal of Mathematical Research and Expositions},
  volume    = {3},
  pages     = {185--212},
  year      = {1983}
}