@misc{BR2023,
      title={Convolutional Neural Operators for robust and accurate learning of PDEs}, 
      author={Bogdan Raonić and Roberto Molinaro and Tim De Ryck and Tobias Rohner and Francesca Bartolucci and Rima Alaifari and Siddhartha Mishra and Emmanuel de Bézenac},
      year={2023},
      eprint={2302.01178},
      archivePrefix={arXiv},
      primaryClass={cs.LG},
      url={https://arxiv.org/abs/2302.01178}, 
}

@misc{FB2023,
      title={Representation Equivalent Neural Operators: a Framework for Alias-free Operator Learning}, 
      author={Francesca Bartolucci and Emmanuel de Bézenac and Bogdan Raonić and Roberto Molinaro and Siddhartha Mishra and Rima Alaifari},
      year={2023},
      eprint={2305.19913},
      archivePrefix={arXiv},
      primaryClass={cs.LG},
      url={https://arxiv.org/abs/2305.19913}, 
}

@misc{ZL2021,
      title={Fourier Neural Operator for Parametric Partial Differential Equations}, 
      author={Zongyi Li and Nikola Kovachki and Kamyar Azizzadenesheli and Burigede Liu and Kaushik Bhattacharya and Andrew Stuart and Anima Anandkumar},
      year={2021},
      eprint={2010.08895},
      archivePrefix={arXiv},
      primaryClass={cs.LG},
      url={https://arxiv.org/abs/2010.08895}, 
}

@article{Zhu2018,
   title={Bayesian deep convolutional encoder–decoder networks for surrogate modeling and uncertainty quantification},
   volume={366},
   ISSN={0021-9991},
   url={http://dx.doi.org/10.1016/j.jcp.2018.04.018},
   DOI={10.1016/j.jcp.2018.04.018},
   journal={Journal of Computational Physics},
   publisher={Elsevier BV},
   author={Zhu, Yinhao and Zabaras, Nicholas},
   year={2018},
   month=aug, pages={415–447} }

@BOOK{Christensen2008-gk,
  title     = "Frames and Bases",
  author    = "Christensen, Ole",
  publisher = "Birkhauser Boston",
  series    = "Applied and Numerical Harmonic Analysis",
  edition   =  2008,
  month     =  jul,
  year      =  2008,
  address   = "Secaucus, NJ",
  copyright = "https://www.springernature.com/gp/researchers/text-and-data-mining",
  language  = "en"
}

@ARTICLE{MU2000,
  author={Unser, M.},
  journal={Proceedings of the IEEE}, 
  title={Sampling-50 years after Shannon}, 
  year={2000},
  volume={88},
  number={4},
  pages={569-587},
  keywords={Sampling methods;Signal sampling;Frequency;Image reconstruction;Approximation error;Finite element methods;Hilbert space;Interpolation;Least squares approximation;Information theory},
  doi={10.1109/5.843002}}
