@misc{SL2024,
      title={Nonlocality and Nonlinearity Implies Universality in Operator Learning}, 
      author={Samuel Lanthaler and Zongyi Li and Andrew M. Stuart},
      year={2024},
      eprint={2304.13221},
      archivePrefix={arXiv},
      primaryClass={math.NA},
      url={https://arxiv.org/abs/2304.13221}, 
}

@misc{AAK2020,
      title={Neural Operator: Graph Kernel Network for Partial Differential Equations}, 
      author={Zongyi Li and Nikola Kovachki and Kamyar Azizzadenesheli and Burigede Liu and Kaushik Bhattacharya and Andrew Stuart and Anima Anandkumar},
      year={2020},
      eprint={2003.03485},
      archivePrefix={arXiv},
      primaryClass={cs.LG},
      url={https://arxiv.org/abs/2003.03485}, 
}

@article{NK2023,
  title   = {Neural operator: learning maps between function spaces with applications to PDEs},
  author  = {Kovachki, Nikola and Li, Zongyi and Liu, Burigede and Azizzadenesheli, Kamyar and Bhattacharya, Kaushik and Stuart, Andrew and Anandkumar, Anima},
  journal = {Journal of Machine Learning Research},
  volume  = {24},
  number  = {89},
  pages   = {1-97},
  year    = {2023}
}

@inproceedings{ZL2021,
  title     = {Fourier neural operator for parametric partial differential equations},
  author    = {Li, Zongyi and Kovachki, Nikola B. and Azizzadenesheli, Kamyar and Liu, Burigede and Bhattacharya, Kaushik and Stuart, Andrew and Anandkumar, Anima},
  booktitle = {International Conference on Learning Representations},
  year      = {2021}
}

@misc{GC2023,
      title={Learning Neural Operators on Riemannian Manifolds}, 
      author={Gengxiang Chen and Xu Liu and Qinglu Meng and Lu Chen and Changqing Liu and Yingguang Li},
      year={2023},
      eprint={2302.08166},
      archivePrefix={arXiv},
      primaryClass={math.NA},
      url={https://arxiv.org/abs/2302.08166}, 
}

@article{SL2022,
  title     = {Nonlinear reconstruction for operator learning of PDEs with discontinuities},
  author    = {Lanthaler, Samuel and Molinaro, Roberto and Hadorn, Philipp and Mishra, Siddhartha},
  journal   = {arXiv preprint arXiv:2210.01074},
  year      = {2022},
  url       = {https://arxiv.org/abs/2210.01074},
  note      = {Preprint}
}

@article{NK2021,
  title   = {On universal approximation and error bounds for Fourier neural operators},
  author  = {Kovachki, Nikola and Lanthaler, Samuel and Mishra, Siddhartha},
  journal = {Journal of Machine Learning Research},
  volume  = {22},
  number  = {290},
  pages   = {1-76},
  year    = {2021}
}

@article{AP1999,
  title     = {Approximation theory of the {MLP} model in neural networks},
  author    = {Pinkus, Allan},
  journal   = {Acta Numerica},
  volume    = {8},
  pages     = {143-195},
  year      = {1999},
  publisher = {Cambridge University Press},
  doi       = {10.1017/S0962492900002919}
}